    
    
    
    
    @webpage{pspData,
      author =       "Odbor informatiky, Kancelář Poslanecké sněmovny",
      title =        "Data Poslanecké sněmovny a Senátu",
      howpublished = "online",
      year =         "2020",
      url =          "https://www.psp.cz/sqw/hp.sqw?k=1300",
      cited =        "2020-10-29"
    }
    
    
    @misc{zakon-kvorum,
      author={Česko},
      title={§70 odst. 1 zákona č. 90 ze dne 19. dubna 1995 o jednacím řádu Poslanecké sněmovny},
      year ="1995",
      cited ="2020-11-16",
      note={\newline\url{https://www.zakonyprolidi.cz/cs/1995-90#p70}},
    }
    
   @misc{ustava-usnasenischopnost,
      author={Česko},
      title={hlava druhá článek č. 39 ústavního zákona č. 1/1993 Sb},
      year ="1993",
      cited ="2020-11-16",
      note={\newline\url{https://www.psp.cz/docs/laws/constitution.html}},
    }
    
   @misc{ustava-parlament,
      author={Česko},
      title={hlava druhá článek č. 15 ústavního zákona č. 1/1993 Sb},
      year ="1993",
      cited ="2020-11-16",
      note={\newline\url{https://www.psp.cz/docs/laws/constitution.html}},
    }
    
   @misc{ustava-navrh_zakona,
      author={Česko},
      title={hlava druhá článek č. 40 ústavního zákona č. 1/1993 Sb},
      year ="1993",
      cited ="2020-11-16",
      note={\newline\url{https://www.psp.cz/docs/laws/constitution.html}},
    }
    
   @misc{ustava-kvorum,
      author={Česko},
      title={hlava druhá článek č. 39 ústavního zákona č. 1/1993 Sb},
      year ="1993",
      cited ="2020-11-16",
      note={\newline\url{https://www.psp.cz/docs/laws/constitution.html}},
    }
    
   @misc{ustava-volebni_pravo,
      author={Česko},
      title={hlava druhá článek č. 18 ústavního zákona č. 1/1993 Sb},
      year ="1993",
      cited ="2020-11-16",
      note={\newline\url{https://www.psp.cz/docs/laws/constitution.html}},
    }
    

    @webpage{PostgreSQL,
      author =       "The PostgreSQL Global Development Group",
      title =        "PostgreSQL: The World's Most Advanced Open Source Relational Database",
      howpublished = "online",
      publisher =    "The PostgreSQL Global Development Group",
      url =          "https://www.postgresql.org/",
      year =         "2020",
      cited =        "2020-11-21"
    }
    
    @webpage{HTML,
      author =       "Refsnes Data",
      title =        "HTML Introduction",
      howpublished = "online",
      publisher =    "Refsnes Data",
      url =          "https://www.w3schools.com/html/html_intro.asp",
      year =         "2020",
      cited =        "2020-11-22"
    }
    
    @webpage{CSS,
      author =       "Refsnes Data",
      title =        "What is CSS?",
      howpublished = "online",
      publisher =    "Refsnes Data",
      url =          "https://www.w3schools.com/whatis/whatis_css.asp",
      year =         "2020",
      cited =        "2020-11-22"
    }
    
    @webpage{BOOTSTRAP,
      author =       "Refsnes Data",
      title =        "What is Bootstrap?",
      howpublished = "online",
      publisher =    "Refsnes Data",
      url =          "https://www.w3schools.com/whatis/whatis_bootstrap.asp",
      year =         "2020",
      cited =        "2020-11-22"
    }
    
    @webpage{JQUERY,
      author =       "Refsnes Data",
      title =        "jQuery Introduction",
      howpublished = "online",
      publisher =    "Refsnes Data",
      url =          "https://www.w3schools.com/jquery/jquery_intro.asp",
      year =         "2020",
      cited =        "2020-11-22"
    }
    
    @webpage{JQUERY-USAGE,
      author =       "NehaMali",
      title =        "Top 10 Most Popular JavaScript Frameworks for Web Development",
      howpublished = "online",
      publisher =    "Geeksforgeeks",
      url =          "https://www.geeksforgeeks.org/top-10-most-popular-javascript-frameworks-for-web-development/",
      year =         "2020",
      cited =        "2020-11-22"
    }
        
    @webpage{PYTHON,
      author =       "Python Software Foundation",
      title =        "What is Python? Executive Summary",
      howpublished = "online",
      publisher =    "Python Software Foundation",
      url =          "https://www.python.org/doc/essays/blurb/",
      year =         "2021",
      cited =        "2020-11-22"
    }
    
    @webpage{WHY-POSTGRES1,
      author =       "Matt Makai",
      title =        "PostgreSQL",
      howpublished = "online",
      publisher =    "https://www.fullstackpython.com/",
      url =          "https://www.fullstackpython.com/postgresql.html#:~:text=PostgreSQL%20is%20the%20default%20database,to%20MySQL%2C%20SQLServer%20and%20Oracle.&text=PostgreSQL%20is%20an%20implementation%20of%20the%20relational%20database%20concept.",
      year =         "2021",
      cited =        "2020-11-22"
    }
    @webpage{WHY-POSTGRES2,
      author =       "Navnath Gadakh",
      title =        "Why Django is so impressive for
developing with PostgreSQL and Python ",
      howpublished = "online",
      publisher =    "https://www.fullstackpython.com/",
      url =          "https://www.enterprisedb.com/postgres-tutorials/why-django-so-impressive-developing-postgresql-and-python",
      year =         "2020",
      month =        "4",
      cited =        "2020-11-22"
    }
    
    @webpage{MOBILE-FIRST,
      author =       "Vincent Xia",
      title =        "What is Mobile First Design? Why It’s Important & How To Make It?",
      howpublished = "online",
      publisher =    "DEV Community",
      url =          "https://medium.com/@Vincentxia77/what-is-mobile-first-design-why-its-important-how-to-make-it-7d3cf2e29d00",
      year =         "2017",
      month =        "12",
      cited =        "2020-11-22"
    }
    
    
    @webpage{statistikaamy,
      author =       "Tereza Zadražilová",
      title =        "Senioři hledají na internetu praktické informace",
      howpublished = "online",
      publisher =    "Český statistický úřad",
      url =          "https://www.statistikaamy.cz/2017/04/26/seniori-hledaji-na-internetu-prakticke-informace/",
      year =         "2017",
      month =        4,
      cited =        "2020-11-22"
    }
    
    
    
    @webpage{volebnikalkulacka-info,
      author =       "KohoVolit.eu",
      title =        "Info | VolebníKalkulačka.cz",
      howpublished = "online",
      publisher =    "KohoVolit.eu",
      url =          "https://volebnikalkulacka.cz/info/",
      year =         "2006",
      cited =        "2020-11-22"
    }
    
    
    @webpage{WEB-DEVICE-USAGE,
      author =       "BroadbandSearch.net",
      title =        "Mobile Vs. Desktop Internet Usage (Latest 2020 Data)",
      howpublished = "online",
      publisher =    "BroadbandSearch.net",
      url =          "https://www.broadbandsearch.net/blog/mobile-desktop-internet-usage-statistics#post-navigation-5",
      year =         "2020",
      cited =        "2020-11-22"
    }
    
    
    @webpage{JAVASCRIPT-USAGE,
      author =       "W3Techs",
      title =        "Usage statistics of JavaScript as client-side programming language on websites",
      howpublished = "online",
      publisher =    "Q-Success",
      url =          "https://w3techs.com/technologies/details/cp-javascript",
      year =         "2020",
      cited =        "2020-12-4"
    }
    
    @webpage{grafika-mapa,
      author =       "GDJ",
      title =        "[svg grafika]",
      howpublished = "online",
      publisher =    "Pixabay GmbH",
      url =          "https://pixabay.com/cs/vectors/%C4%8Desk%C3%A1-republika-zem%C4%9B-evropa-vlajka-1758820/",
      year =         "2016",
      month =        10,
      cited =        "2020-12-18"
    }
    
    @webpage{grafika-karlak,
      author =       "4498894",
      title =        "[jpg fotografie]",
      howpublished = "online",
      publisher =    "Pixabay GmbH",
      url =          "https://pixabay.com/cs/photos/praha-karl%C5%AFv-most-matka-praze-4326616/",
      year =         "2019",
      month =        7,
      cited =        "2020-12-18"
    }
    
 @techreport{RFC4180,
  author = {Y. Shafranovich},
  title = {Common Format and MIME Type for Comma-Separated Values (CSV) Files},
  howpublished = {Internet Requests for Comments},
  type = {RFC},
  number = {4180},
  year = {2005},
  month = {October},
  issn = {2070-1721},
  publisher = {RFC Editor},
  institution = {RFC Editor},
  url = {http://www.rfc-editor.org/rfc/rfc4180.txt},
  note = {\url{http://www.rfc-editor.org/rfc/rfc4180.txt}},
}   

@website{psql-copy,
  author =       "The PostgreSQL Global Development Group",
  title =        "PostgreSQL: Documentation: 13: COPY",
  howpublished = "online",
  url =          "https://www.postgresql.org/docs/13/sql-copy.html",
  year =         "2021",
  cited =        "2021-4-18"
}

@website{psql-truncate,
  author =       "The PostgreSQL Global Development Group",
  title =        "PostgreSQL: Documentation: 13: TRUNCATE",
  howpublished = "online",
  url =          "https://www.postgresql.org/docs/13/sql-truncate.html",
  year =         "2021",
  cited =        "2021-4-18"
}
    
@website{pandas,
  author =       "NumFOCUS",
  title =        "Pandas",
  howpublished = "online",
  url =          "https://pandas.pydata.org/",
  year =         "2021",
  cited =        "2021-4-18"
}    

@website{hotjar-usability-testing,
  author =       "Hotjar",
  title =        "A beginner's guide to user \& usability testing",
  howpublished = "online",
  url =          "https://www.hotjar.com/usability-testing/",
  year =         "2021",
  month =        "4",
  cited =        "2021-4-21"
}   
    
@webpage{wiktionary-vulgarity,
  author =       "Kolektiv autorů Wiktionary",
  title =        "Kategorie:Vulgární výrazy/čeština",
  howpublished = "online",
  publisher =    "wiktionary.org",
  year =         "2021",
  month =        3,
  url =          "https://cs.wiktionary.org/wiki/Kategorie:Vulg%C3%A1rn%C3%AD_v%C3%BDrazy/%C4%8De%C5%A1tina",
  cited =        "2021-4-25"
} 
    
@webpage{cron,
  author =       "Pair Networks, Inc.",
  title =        "What is Cron and How do I Use It?",
  howpublished = "online",
  publisher =    "Pair Networks, Inc.",
  year =         "2020",
  month =        "2",
  url =          "https://www.pair.com/support/kb/configuring-cron/",
  cited =        "2021-4-25"
} 
    
    
@webpage{cookiecutter-ssl,
  author =       "Daniel Roy Greenfeld",
  title =        "Deployment with Docker",
  howpublished = "online",
  publisher =    "readthedocs.io",
  year =         "2021",
  url =          "https://cookiecutter-django.readthedocs.io/en/latest/deployment-with-docker.html",
  cited =        "2021-4-28"
} 
    
    
@webpage{npm,
  author =       "Refsnes Data",
  title =        "What is npm?",
  howpublished = "online",
  publisher =    "Refsnes Data",
  url =          "https://www.w3schools.com/whatis/whatis_npm.asp",
  year =         "2021",
  cited =        "2021-5-1"
}

